@Book{ggplot,
	author = {Hadley Wickham},
	title = {ggplot2: Elegant Graphics for Data Analysis},
	publisher = {Springer-Verlag New York},
	year = {2009},
	isbn = {978-0-387-98140-6},
	url = {http://ggplot2.org},
}
@Book{nnet,
	title = {Modern Applied Statistics with S},
	author = {W. N. Venables and B. D. Ripley},
	publisher = {Springer},
	edition = {Fourth},
	address = {New York},
	year = {2002},
	note = {ISBN 0-387-95457-0},
	url = {http://www.stats.ox.ac.uk/pub/MASS4},
}
@Article{glmnet,
	title = {Regularization Paths for Generalized Linear Models via
	Coordinate Descent},
	author = {Jerome Friedman and Trevor Hastie and Robert Tibshirani},
	journal = {Journal of Statistical Software},
	year = {2010},
	volume = {33},
	number = {1},
	pages = {1--22},
	url = {http://www.jstatsoft.org/v33/i01/},
}

@Manual{cclust,
	title = {cclust: Convex Clustering Methods and Clustering Indexes},
	author = {Evgenia Dimitriadou},
	year = {2015},
	note = {R package version 0.6-20},
	url = {https://CRAN.R-project.org/package=cclust},
}